@article{de2011use,
  title={The use of Functional Resonance Analysis Method (FRAM) in a mid-air collision to understand some characteristics of the air traffic management system resilience},
  author={De Carvalho, Paulo Victor Rodrigues},
  journal={Reliability Engineering \& System Safety},
  volume={96},
  number={11},
  pages={1482--1498},
  year={2011},
  publisher={Elsevier}
}
@book{national2014autonomy,
  title={Autonomy research for civil aviation: toward a new era of flight},
  author={National Research Council and others},
  year={2014},
  publisher={National Academies Press}
}
@article{kopardekar2015safely,
  title={Safely enabling civilian unmanned aerial system (uas) operations in low-altitude airspace by unmanned aerial system traffic management (utm)},
  author={Kopardekar, Parimal H},
  year={2015}
}
@inproceedings{mueller2017enabling,
  title={Enabling airspace integration for high-density on-demand mobility operations},
  author={Mueller, Eric R and Kopardekar, Parmial H and Goodrich, Kenneth H},
  booktitle={17th AIAA Aviation Technology, Integration, and Operations Conference},
  pages={3086},
  year={2017}
}
@inproceedings{farley2007fast,
  title={Fast-time simulation evaluation of a conflict resolution algorithm under high air traffic demand},
  author={Farley, Todd and Erzberger, Heinz},
  booktitle={7th USA/Europe ATM 2007 R\&D Seminar},
  year={2007}
}
@article{brittain2019autonomous,
  title={Autonomous air traffic controller: A deep multi-agent reinforcement learning approach},
  author={Brittain, Marc and Wei, Peng},
  journal={arXiv preprint arXiv:1905.01303},
  year={2019}
}
@article{erzberger2014design,
  title={Design principles and algorithms for air traffic arrival scheduling},
  author={Erzberger, Heinz and Itoh, Eri},
  year={2014}
}
@inproceedings{hoekstra2016bluesky,
  title={Bluesky atc simulator project: an open data and open source approach},
  author={Hoekstra, Jacco M and Ellerbroek, Joost},
  booktitle={Proceedings of the 7th International Conference on Research in Air Transportation},
  volume={131},
  pages={132},
  year={2016},
  organization={FAA/Eurocontrol USA/Europe}
}
@inproceedings{wollkind2004automated,
  title={Automated conflict resolution for air traffic management using cooperative multiagent negotiation},
  author={Wollkind, Steve and Valasek, John and Ioerger, Thomas},
  booktitle={AIAA Guidance, Navigation, and Control Conference and Exhibit},
  pages={4992},
  year={2004}
}
@article{brittain2020deep,
  title={A Deep Multi-Agent Reinforcement Learning Approach to Autonomous Separation Assurance},
  author={Brittain, Marc and Yang, Xuxi and Wei, Peng},
  journal={arXiv preprint arXiv:2003.08353},
  year={2020}
}
@article{yang2020scalable,
  title={Scalable Multi-Agent Computational Guidance with Separation Assurance for Autonomous Urban Air Mobility},
  author={Yang, Xuxi and Wei, Peng},
  journal={Journal of Guidance, Control, and Dynamics},
  pages={1--14},
  year={2020},
  publisher={American Institute of Aeronautics and Astronautics}
}
@inproceedings{bertram2020distributed,
  title={Distributed Computational Guidance for High-Density Urban Air Mobility with Cooperative and Non-Cooperative Collision Avoidance},
  author={Bertram, Josh and Wei, Peng},
  booktitle={AIAA Scitech 2020 Forum},
  pages={1371},
  year={2020}
}

@article{mnih2015human,
  title={Human-level control through deep reinforcement learning},
  author={Mnih, Volodymyr and Kavukcuoglu, Koray and Silver, David and Rusu, Andrei A and Veness, Joel and Bellemare, Marc G and Graves, Alex and Riedmiller, Martin and Fidjeland, Andreas K and Ostrovski, Georg and others},
  journal={nature},
  volume={518},
  number={7540},
  pages={529--533},
  year={2015},
  publisher={Nature Publishing Group}
}
@inproceedings{brittain2018autonomous,
  title={Autonomous aircraft sequencing and separation with hierarchical deep reinforcement learning},
  author={Brittain, Marc and Wei, Peng},
  booktitle={Proceedings of the International Conference for Research in Air Transportation},
  year={2018}
}
@inproceedings{pham2019machine,
  title={A machine learning approach for conflict resolution in dense traffic scenarios with uncertainties},
  author={Pham, Duc-Thinh and Tran, Ngoc Phu and Alam, Sameer and Duong, Vu and Delahaye, Daniel},
  year={2019}
}
@article{schulman2017proximal,
  title={Proximal policy optimization algorithms},
  author={Schulman, John and Wolski, Filip and Dhariwal, Prafulla and Radford, Alec and Klimov, Oleg},
  journal={arXiv preprint arXiv:1707.06347},
  year={2017}
}
@article{foerster2017counterfactual,
  title={Counterfactual multi-agent policy gradients},
  author={Foerster, Jakob and Farquhar, Gregory and Afouras, Triantafyllos and Nardelli, Nantas and Whiteson, Shimon},
  journal={arXiv preprint arXiv:1705.08926},
  year={2017}
}